@conference{kansal2004performance,
  title={Performance aware tasking for environmentally powered sensor networks},
  author={Kansal, A. and Potter, D. and Srivastava, M.B.},
  booktitle={Proc. of the joint international conference on Measurement and modeling of computer systems},
  pages={223--234},
  isbn={1581138733},
  year={2004},
  organization={ACM}
}

@article{gonzalez2006model,
  title={{Model of Photovoltaic Module in Matlabâ„¢}},
  author={Gonz{\'a}lez-Longatt, F.M.}
}

@conference{raghunathan2005design,
  title={Design considerations for solar energy harvesting wireless embedded systems},
  author={Raghunathan, V. and Kansal, A. and Hsu, J. and Friedman, J. and Srivastava, M.},
  booktitle={Information Processing in Sensor Networks, 2005. IPSN 2005. Fourth International Symposium on},
  pages={457--462},
  isbn={0780392019},
  year={2005},
  organization={IEEE}
}

@article{moliton2006model,
  title={How to model the behaviour of organic photovoltaic cells},
  author={Moliton, A. and Nunzi, J.M.},
  journal={Polymer International},
  volume={55},
  number={6},
  pages={583--600},
  issn={0959-8103},
  year={2006},
  publisher={John Wiley \& Sons, Ltd.}
}

@conference{simjee2007everlast,
  title={Everlast: long-life, supercapacitor-operated wireless sensor node},
  author={Simjee, F. and Chou, P.H.},
  booktitle={Low Power Electronics and Design, 2006. ISLPED'06. Proceedings of the 2006 International Symposium on},
  pages={197--202},
  isbn={1595934626},
  year={2007},
  organization={IEEE}
}

@article{kansal2007power,
  title={Power management in energy harvesting sensor networks},
  author={Kansal, A. and Hsu, J. and Zahedi, S. and Srivastava, M.B.},
  journal={ACM Transactions on Embedded Computing Systems (TECS)},
  volume={6},
  number={4},
  pages={32},
  issn={1539-9087},
  year={2007},
  publisher={ACM}
}

@conference{moser2007adaptive,
  title={Adaptive Power Management in Energy Harvesting Systems},
  author={Moser, C. and Thiele, L. and Brunelli, D. and Benini, L.},
  booktitle={Design, Automation \& Test in Europe Conference \& Exhibition, 2007. DATE'07},
  pages={1--6},
  year={2007},
  organization={IEEE}
}

@article{moser2007real,
  title={Real-time scheduling for energy harvesting sensor nodes},
  author={Moser, C. and Brunelli, D. and Thiele, L. and Benini, L.},
  journal={Real-Time Systems},
  volume={37},
  number={3},
  pages={233--260},
  issn={0922-6443},
  year={2007},
  publisher={Springer}
}

@article{niyato2007sleep,
  title={Sleep and wakeup strategies in solar-powered wireless sensor/mesh networks: Performance analysis and optimization},
  author={Niyato, D. and Hossain, E. and Fallahi, A.},
  journal={IEEE Transactions on Mobile Computing},
  pages={221--236},
  issn={1536-1233},
  year={2007},
  publisher={IEEE Computer Society}
}

@conference{vigorito2007adaptive,
  title={Adaptive control of duty cycling in energy-harvesting wireless sensor networks},
  author={Vigorito, C.M. and Ganesan, D. and Barto, A.G.},
  booktitle={Sensor, Mesh and Ad Hoc Communications and Networks, 2007. SECON'07. 4th Annual IEEE Communications Society Conference on},
  pages={21--30},
  isbn={1424412684},
  year={2007},
  organization={IEEE}
}

@conference{susu2008stochastic,
  title={Stochastic modeling and analysis for environmentally powered wireless sensor nodes},
  author={Susu, A.E. and Acquaviva, A. and Atienza, D. and De Micheli, G.},
  booktitle={6th International Symposium on Modeling and Optimization in Mobile, Ad Hoc, and Wireless Networks and Workshops, 2008.},
  pages={125--134},
  year={2008},
  organization={IEEE}
}

@conference{farinelli2008decentralised,
  title={Decentralised coordination of low-power embedded devices using the max-sum algorithm},
  author={Farinelli, A. and Rogers, A. and Petcu, A. and Jennings, NR},
  booktitle={Proc. of the 7th international joint conference on Autonomous agents and multiagent systems - Volume 2},
  pages={639--646},
  year={2008},
  organization={IFAAMAS}
}

@article{baruah2009open,
  title={{Open problems in real-time scheduling}},
  author={Baruah, S. and Pruhs, K.},
  journal={Journal of Scheduling},
  pages={1--6},
  issn={1094-6136},
  year={2009},
  publisher={Springer}
}

@techreport{schmidt2009review,
  author = 	 {Schmidt, D. and Wehn, N.},
  title = 	 {A Review of Common Belief on Power Management and Power Consumption},
  institution = {Technische Universit\"{a}t Kaiserslautern},
  month =        {April},
  year =	{2009},
}

@techreport{gorlatova2010networking,
  author = 	 {Gorlatova, M., Wallwater, A. and Zussman, G.},
  title = 	 {Networking Low-Power Energy Harvesting Devices: Measurements and Algorithms},
  institution = {Columbia University},
  month =        {July},
  year =	{2010},
}

	