\begin{thebibliography}{99}

@ARTICLE{Liu73,
	AUTHOR = "C. L. Liu and J. W. Layland",
	TITLE = "Scheduling Algorithms for Multiprogramming in a Hard-Real-Time Environment",
	JOURNAL = "Journal of the ACM",
	VOLUME ={20},
	NUMBER = {1},
	PAGES = {46-61},
	MONTH = "January",
	YEAR = {1973}	}

@ARTICLE{Moser07,
	AUTHOR = "C. Moser and  D. Brunelli and L. Thiele and  L. Benini",
	TITLE = "Real-Time Scheduling for Energy Harvesting Sensor Nodes",
	JOURNAL = "Journal Real-Time Systems ",
	VOLUME ={37},
	NUMBER = {3},
	PAGES = {233-260},
	MONTH = "December",
	YEAR = {2007}	}


@BOOK{Arm,
	AUTHOR = "G. Armitage",
	TITLE = "Quality of Service in IP Networks",
	PUBLISHER = "Macmillian TP",
	YEAR = "2000"	}

@ARTICLE{Erlang,
	AUTHOR= "E. Brockmeyer and H. L. Halstrm and A. Jensen",
	TITLE= "The life and works of A.K. Erlang",
	JOURNAL= "Transactions of the Danish Academy of Technical Sciences",
	VOLUME= {2},
	YEAR={1948}}

@BOOK{Bro,
  title = {Introduction to Time Series and Forecasting},
  publisher = {Springer},
  year = {2002},
  author = {Peter J. Brockwell and Richard A. Davis},
  edition = {2nd},
  owner = {guoqiang},
  timestamp = {2008.07.18}
}



@ARTICLE{Chang94,
   author = {C.-S. Chang},
   title = {Stability, queue length, and delay of deterministic and stochastic queueing networks},
   journal = {IEEE Trans. Automatic Control},
   volume = {39},
   number = {5},
   pages = {913--931},
   month = {May},
   year = {1994},
}



@BOOK{Chang00,
   author = {C.-S. Chang},
   title = {Performance Guarantees in Communication Networks},
   publisher = {Springer-Verlag},
   year = {2000},
}


@BOOK{Cov,
	AUTHOR = "T. M. Cover and J. A. Thomas",
	TITLE = "Elements of Information Theory, Second Edition",
	PUBLISHER = "John Wiley \& Sons",
	YEAR = "2006"	}

@ARTICLE{Cruz91a,
   author = {R. L. Cruz},
   title = {A calculus for network delay, part {I}: network elements in isolation},
   journal = {IEEE Trans. Information Theory},
   volume = {37},
   number = {1},
   pages = {114-131},
   month = {Jan.},
   year = {1991},
}

@ARTICLE{Cruz91b,
   author = {R. L. Cruz},
   title = {A calculus for network delay, part {II}: network analysis},
   journal = {IEEE Trans. Information Theory},
   volume = {37},
   number = {1},
   pages = {132--141},
   month = {Jan.},
   year = {1991},
}

@BOOK{Feller,
	AUTHOR = "W. Feller",
	TITLE = "Martingales",
	booktitle =   {An Introduction to Probability Theory and its Applications, Vol. 2},
	PUBLISHER = "Wiley",
	YEAR = "1971"	}

\bibitem{Fidler}
M.~Fidler.
\newblock An end-to-end probabilistic network calculus with moment generating
  functions.
\newblock In {\em IEEE 14th International Workshop on Quality of Services
  (IWQoS)}, pages 261--270, 2006.



@INPROCEEDINGS{Fidler05,
  author =      {M.  Fidler and S. Recker},
  title =       {A Dual Approach to Network Calculus Applying the Legendre Transform},
  booktitle =   {LCNS: Quality of Service in Multiservice IP Networks},
  pages	=   {33-48},
  year =        {2005},
}

@BOOK{Fry,
	AUTHOR = "T. Fry",
	TITLE = "Probability and Its Engineering Uses",
	PUBLISHER = "D. Van Nostrand Company Inc.",
	YEAR = "1928"	}

@BOOK{Gar,
	AUTHOR = "M.R. Garey and D.S. Johnson",
	TITLE = "Computers and Intractability: A Guide to the Theory of NP-Completeness",
	PUBLISHER = "W.H. Freeman and Company",
	YEAR = "1979"	}	

@INPROCEEDINGS{Int,
	AUTHOR = "C. Intanagonwiwat and R. Govindan and D. Estrin",
	TITLE = "Directed diffusion: A scalable and robust communication paradigm for sensor networks",
	BOOKTITLE = "Proceedings of ACM MobiCOM '00",
	PAGES = "56-67",
	ADDRESS = "Boston",
	MONTH = "August", 
	YEAR = {2000}	}

@INPROCEEDINGS{Jia,
	AUTHOR = "Y.M. Jiang",
	TITLE = "A Basic Stochastic Network Calculus",
	BOOKTITLE = "Proceedings of ACM Sigcomm 06",
	PAGES = "123-134",
	ADDRESS = "Pisa, Italy",
	MONTH = "September", 
	YEAR = {2006}	}

@INPROCEEDINGS{Jiang2,
	AUTHOR = "Y.M. Jiang",
	TITLE = "Network Calculus and Queueing Theory: Two Sides of One Coin",
	BOOKTITLE = "Proceedings of VALUETOOLS 2009",
	ADDRESS = "Pisa, Italy",
	MONTH = "Oct.", 
	YEAR = {2009}	}
	
@BOOK{Jiangbook,
	AUTHOR = "Y.M. Jiang",
	TITLE = "Stochastic Network Calculus",
	PUBLISHER = "Springer",
	YEAR = "2008"	}

@INPROCEEDINGS{Jia3,
	AUTHOR = "X.Y. Jiang",
	TITLE = "New Perspectives on Network Calculus",
	BOOKTITLE = "The tenth workshop on mathematical performance modeling and analysis (MAMA 2008)",
	PAGES = "95-97",
	ADDRESS = "Maryland, USA",
	MONTH = "September", 
	YEAR = {2008}	}

@ARTICLE{Kingman,
    AUTHOR = "J.F.C. Kingman",
    TITLE = "Inequalities in the theory of queues",
    JOURNAL = "Journal of Royal Statistical Society",
    VOLUME = {32},
    NUMBER = {1},
    PAGES = {102-110},
    YEAR = {1970}   }

	
@BOOK{Kle,
    AUTHOR = "Leonard Kleinrock",
    TITLE = "Queueing Systems, Vol 1: Theory",
    PUBLISHER = "Jone Wiley \& Sons",
    YEAR = "1975"   }

@ARTICLE{Kni,
    AUTHOR = "E. Knightly and N. Shroff",
    TITLE = "Admission Control for Statistical QoS: Theory and Practice",
    JOURNAL = "IEEE Network",
    VOLUME = {13},
    NUMBER = {2},
    PAGES = {20-29},
    MONTH="March",
    YEAR = {1999}   }

@INPROCEEDINGS{Kun,
	AUTHOR = "D. Kundur and Z. Liu and M. Merabti and H. Yu",
	TITLE = "Advances in Peer-To-Peer Content Search",
	BOOKTITLE = "Proceedings of IEEE International Conference on Multimedia and Expo (ICME) ",
	PAGES = "404-407",
	ADDRESS = "Beijing",
	MONTH = "July", 
	YEAR = {2007}	}


@ARTICLE{Li,
	AUTHOR = "C. Li and A. Burchard and J. Liebeherr",
	TITLE = "A Network Calculus with Effective Bandwidth",
	JOURNAL = "IEEE/ACM Transactions on Networking",
	VOLUME = {15},
	NUMBER = {6},
	PAGES = {1142-1453},
	MONTH = "December",
	YEAR = {2007}	}

@INPROCEEDINGS{Lak,
	AUTHOR = "A. Lakhina and M. Croella and C. Diot",
	TITLE = "Mining Anomalies Using Traffic Feature Distributions",
	BOOKTITLE = "Proceedings of ACM SIGCOMM 05 ",
	PAGES = "217-228",
	ADDRESS = "Philadelphia, USA",
	MONTH = "August", 
	YEAR = {2005}	}


@ARTICLE{Lal,
	AUTHOR = "A. Lall and V. Sekar and M. Ogihara and J. Xu and H. Zhang",
	TITLE = "Data Streaming Algorithms for Estimating Entropy of Network Traffic",
	JOURNAL = "ACM SIGMETRICS Performance Evaluation Review",
	VOLUME = {34},
	NUMBER = {1},
	PAGES = {145-156},
	MONTH = "June",
	YEAR = {2006}	}

@BOOK{Le,
	AUTHOR = "J.Y.  {Le Boudec} and P. Thiran",
	TITLE = "Network Calculus: A Theory of Deterministic Queuing Systems for the Internet",
	PUBLISHER = "Springer-Verlag",
	YEAR = {2001}	}	

@ARTICLE{Liu,
	AUTHOR = "C. Liu and K. Wu and J. Pei",
	TITLE = "An Energy Efficient Data Collection Framework for Wireless Sensor Networks by Exploiting Spatiotemporal Correlation",
	JOURNAL = "IEEE Transactions on Parallel and Distributed Systems (TPDS)",
	VOLUME = {18},
	NUMBER = {7},
	PAGES = {1010-1023},
	MONTH = "July",
	YEAR = {2007}	}	


@INPROCEEDINGS{Mah,
	AUTHOR = "A. Mahmino and J. Lecan and C. Fraboul",
	TITLE = "Guaranteed Packet Delays with Network Coding",
	BOOKTITLE = "First IEEE International Workshop on Wireless Network Coding",
	PAGES = "1-6",
	ADDRESS = "San Francisco",
	MONTH = "June", 
	YEAR = {2008}	}

@BOOK{Mic,
    AUTHOR = "M. Mitzenmacher and E. Upfal",
    TITLE = "Probability and Computing: Randomized Algorithms and Probabilistic Analysis",
    PUBLISHER = "Cambridge University Press",
    YEAR = "2005"   }
	
	
@ARTICLE{Pat,
	AUTHOR = "S. Pattem and B. Krishnamachari and R. Govindan",
	TITLE = "The Impact of Spatial Correlation on Routing with Compression in Wireless Sensor Networks",
	JOURNAL = "ACM Transactions on Sensor Networks (TOSN)",
	VOLUME = {4},
	NUMBER = {4},
	MONTH = "August",
	YEAR = {2008}	}			
%PAGES = {article 24},	

@INPROCEEDINGS{Sch,
	AUTHOR = "J. B. Schmitt and F. A. Zdarsky and L. Thiele",
	TITLE = "A Comprehensive Worst-Case Calculus for Wireless Sensor Networks with In-Network Processing",
	BOOKTITLE = "Proceedings of IEEE RTSS 2007",
	PAGES = "193-202",
	ADDRESS = "Tucson, Arizona",
	MONTH = "December", 
	YEAR = {2007}	
	}

@INPROCEEDINGS{Sch06,
	AUTHOR = "J. B. Schmitt and F. A. Zdarsky and I.~Martinovic",
	TITLE = "Performance bounds in feed-forward networks under blind multiplexing",
	BOOKTITLE = "Technical Report No. 349/06, U. of Kaiserslautern, Germany",
	MONTH = "July", 
	YEAR = {2006}	
	}


@INPROCEEDINGS{Sze,
	AUTHOR = "R. Szewczyk and J. Polastre and A. Mainwaring and D. Culler",
	TITLE = "Lessons From A Sensor Network Expedition",
	BOOKTITLE = "Proceedings of the First European Workshop on Sensor Networks (EWSN)",
	PAGES = "307-322",
	ADDRESS = "Berlin, Germany",
	MONTH = "January", 
	YEAR = {2004}	}
	
@ARTICLE{Vur,
	AUTHOR = "M.C. Vuran and O. B. Akan and I.F. Akyildiz",
	TITLE = "Spatio-Temporal Correlation: Theory and Applications for Wireless Sensor Networks",
	JOURNAL = "Computer Networks",
	VOLUME = {45},
	NUMBER = {3},
	PAGES = {245-259},
	MONTH = "June",
	YEAR = {2004}	}	
	
	@inproceedings{Kurose92,
   author = {Jim Kurose},
   title = {On computing per-session performance bounds in high-speed multi-hop computer networks},
   year = {1992},
   booktitle = {ACM SIGMETRICS'92},
}


@ARTICLE{Sidi93,
   author = {O. Yaron and M. Sidi},
   title = {Performance and stability of communication network via robust exponential bounds},
   journal = {IEEE/ACM Trans. Networking},
   volume = {1},
   number = {3},
   pages = {372-385},
   month = {June},
   year = {1993},
}

@inproceedings{Lee95,
   author = {K. Lee},
   title = {Performance bounds in communication networks with variable-rate links},
   booktitle = {Proc. ACM SIGCOMM'95},
   year = {1995},
}

@ARTICLE{Sidi00,
   author = {D. Starobinski and M. Sidi},
   title = {Stochastically bounded burstiness for communication networks},
   journal = {IEEE Trans. Information Theory},
   volume = {46},
   number = {1},
   pages = {206-212},
   month = {Jan.},
   year = {2000},
}

@inproceedings{Yin02,
   author = {Q. Yin and Y. Jiang and S. Jiang and P. Y. Kong},
   title = {Analysis on Generalized Stochastically Bounded Bursty Traffic for Communication Networks},
   booktitle = {Proc. IEEE LCN'02},
   year = {2002},
}

@ARTICLE{Ciucu06,
   author = {F. Ciucu and A. Burchard and J. Liebeherr},
   title = {A network service curve approach for the stochastic analysis of networks},
   journal = {IEEE Trans. Information Theory},
   volume = {52},
   number = {6},
   pages = {2300--2312},
   month = {June},
   year = {2006},
}
@ARTICLE{Liu07,
   author = {Y. Liu and C.-K. Tham and Y. Jiang},
   title = {A calculus for stochastic {QoS} analysis},
   journal = {Performance Evaluation},
   volume={64},
   pages={547--572},
   year = {2007},
}

@ARTICLE{Liu07,
   author = {Y. Liu and C.-K. Tham and Y. Jiang},
   title = {A calculus for stochastic {QoS} analysis},
   journal = {Performance Evaluation},
   volume={64},
   pages={547--572},
   year = {2007},
}

%scaling
@INPROCEEDINGS{Fidler06,
  author =      {M.  Fidler and J. B.  Schmitt},
  title =       {On the Way to a Distributed Systems Calculus: An End-to-End Network Calculus with Data Scaling},
  booktitle =   {Proc. ACM SIGMETRICS/Performance 2006},
  pages	=   {287-298},
  year =        {2006},
}

%network coding
@ARTICLE{Ahl00,
   author = {R. Ahlswede and N. Cai and {S.-Y. R.} Li and {R. W.} Yeung},
   title = {Network Information Flow},
   journal = {IEEE Trans. Information Theory},
   volume={46},
   number = {4},
   pages={1204--1216},
   year = {2000},
}

@BOOK{Yeung06,
   author = {{R. W.} Yeung and {S.-Y. R.} Li and N. Cai and Z. Zhang},
   title = {Network Coding Theory},
   publisher = {now Publishers},
   year = {2006},
}

\end{thebibliography}



